1788 3117
639 188 984 230 MAMMALIA.
1538 204 1550 230 1
1566 202 1584 241 5

41 304 214 345 ARMA
261 304 557 345 Mammalium
601 310 757 357 praeter
798 303 938 345 di&os
985 316 1172 356 ungues,
1218 303 1596 356 nominandosque

99 363 280 412 Dentes,
317 362 525 414 imprimis
555 366 714 402 Cornua
742 362 1016 414 cartilaginea
1038 361 1164 414 capiti
1189 361 1339 401 inserta
1359 360 1467 411 sunt;
1501 361 1596 400 haec

98 419 168 460 vel
178 422 316 470 solida
336 420 542 472 perennia
568 419 895 472 (Rhinoceroti)‚
933 420 1001 458 vel
1023 421 1181 469 ramosa
1205 432 1359 465 annua,
1385 419 1596 470 primum-

100 491 185 530 que
215 476 347 530 pilosa
379 477 589 530 apiceque
621 476 849 517 crescentia
883 475 1079 528 (Cervis),
1123 476 1192 516 vel
1224 492 1322 516 cava
1353 476 1597 528 vaginantia

98 534 274 587 baslque
306 534 535 575 crescentia
569 535 747 587 (Bobus,
785 533 945 588 Capris,
983 534 1183 587 Ovibus).

42 636 280 679 CIBARIA
312 637 588 677 instrumenta
618 642 766 678 Dentes
797 638 988 686 audiunt,
1036 637 1106 690 qui
1149 636 1356 689 triplices:
1399 640 1597 677 Primores

99 695 211 748 saepe
233 695 456 748 compressl
487 695 683 735 incisores
711 709 790 748 pro
822 695 1061 745 evellendo,
1095 695 1290 735 rodendo
1320 693 1596 734 conscinden-

99 753 181 802 do;
218 756 407 793 Lam'am'i
436 753 572 793 conici
606 753 822 806 longiores
853 766 932 806 pro
965 752 1217 795 lacerando:
1263 755 1441 792 assolares
1473 751 1598 791 latio-

98 824 165 850 res
196 823 275 863 pro
308 811 585 860 conterendo,
620 810 657 850 ἃ
689 810 731 850 hi
765 810 901 850 obtufi
933 809 1230 863 phytiphagis‚
1267 810 1477 849 acutiores
1506 822 1597 848 car-

99 869 275 917 nivoris;
324 875 366 908 at
407 870 584 908 edentula
622 867 719 908 solae
757 868 1140 921 Myrmecophagae
1173 867 1210 907 ὃς
1241 867 1380 906 Manis
1412 866 1592 906 evasere.

41 970 463 1013 UMBRACULUM
515 970 574 1011 est
630 974 785 1016 Grada,
848 984 933 1023 qua
982 971 1228 1024 turpisfimae
1279 969 1596 1010 absconduntur

98 1035 262 1082 partes,
308 1027 404 1068 haec
434 1029 582 1078 paucis
613 1032 724 1068 mtlla
759 1028 964 1080 (Homini,
1009 1028 1152 1069 Simiis
1186 1028 1223 1068 &
1254 1027 1448 1068 Muribus
1486 1040 1597 1067 non-

101 1086 261 1139 nullis),
310 1088 536 1126 abbreviata
578 1099 657 1125 nec
698 1085 934 1125 femoribus
975 1085 1144 1138 longior
1188 1086 1375 1138 (Lepori,
1421 1083 1590 1137 Satyro,

98 1143 264 1196 Talpae,
299 1143 550 1195 Erinaceis),
587 1147 765 1194 elongata
797 1143 851 1182 ad
881 1144 1043 1195 pedum
1075 1143 1389 1195 longitudinem
1423 1141 1460 1182 &
1491 1142 1599 1182 ultra

101 1201 319 1253 (Canibus,
353 1200 559 1250 Muribus,
596 1199 696 1252 &c);
729 1199 881 1239 harum
911 1200 1086 1253 fingulae
1108 1200 1177 1240 vel
1197 1203 1330 1240 Nuda*
1356 1199 1594 1252 (Muribus),

97 1258 166 1298 vel
196 1261 430 1310 Prehcnfiles
463 1257 774 1297 convolvendae
806 1270 974 1310 proque
1015 1258 1163 1310 quinta
1200 1272 1328 1297 manu
1368 1257 1596 1296 inservien-

97 1322 163 1356 tes
198 1314 370 1368 (Simiis,
408 1314 606 1367 Hystrici,
644 1315 969 1368 Didelphibus),
1017 1315 1084 1355 vel
1120 1318 1285 1368 Comofiv
1324 1315 1462 1368 longis
1503 1314 1597 1354 setis

103 1373 268 1426 (Equis,
304 1372 485 1426 Bobus),
522 1372 590 1412 vel
612 1375 804 1423 Fleccqfoe
832 1373 954 1426 apice
984 1372 1299 1425 penicilliformi
1327 1372 1479 1420 (Leoni
1503 1385 1597 1411 ma-

97 1432 145 1481 ri,
181 1431 292 1470 Muri
323 1430 503 1483 Jaculo),
540 1430 609 1470 vel
639 1433 827 1483 Dz'sticlzoe
859 1431 1059 1483 utrinque
1091 1430 1236 1484 pilosae
1262 1430 1451 1482 (Sciuris,
1479 1429 1599 1482 Myr-

98 1488 400 1542 mecophagae)
411 1520 418 1527 .

42 1591 356 1634 CUSTODES
394 1591 661 1631 Animalium
700 1594 845 1642 Sensus
876 1591 969 1632 sunt
1006 1605 1086 1644 pro
1126 1591 1445 1632 conservatione
1486 1591 1598 1630 indi-

99 1650 237 1691 vidui:
277 1649 347 1689 sed
377 1648 644 1689 terrestribus
675 1648 817 1689 Aures
849 1648 1065 1690 instructae
1092 1653 1293 1690 Azm'culis
1320 1649 1435 1688 varia
1463 1648 1600 1701 figura

100 1708 269 1757 Iobatisy
302 1720 381 1759 pro
414 1707 603 1746 acutiore
635 1707 801 1754 auditu3
839 1707 1065 1759 Aquaticis
1086 1721 1190 1747 vero
1214 1706 1414 1748 auriculae
1446 1706 1594 1753 nussae3

98 1767 238 1816 Nafits
255 1764 389 1816 figura
404 1766 518 1804 varia
532 1765 748 1804 interdum
766 1764 993 1818 elongatus
1016 1765 1057 1805 in
1071 1767 1339 1819 proboscidem
1357 1763 1597 1817 (Elephan-
1648 1783 1650 1785 >

99 1824 142 1871 ti,
179 1822 362 1874 Bestiis),
399 1822 498 1861 situs
531 1821 653 1874 supra
683 1822 868 1863 Labium
900 1823 1090 1876 superius
1107 1825 1242 1876 fiſjinm
1273 1821 1494 1874 (Gliribus)
1525 1827 1598 1861 aut

99 1882 323 1930 lacunosum
359 1880 625 1932 (plerisque).

44 1983 420 2025 GENITALIUM
482 1982 683 2023 curiosior
740 1984 959 2037 indagatio
1022 1984 1325 2024 abominabilis
1389 1982 1592 2036 displicet,

158 2042 354 2093 quamvis
375 2041 489 2081 varia
512 2041 549 2081 ἃ
572 2040 789 2093 singularis
813 2041 1028 2090 Clitoride,
1056 2040 1287 2095 Nymphis,
1315 2040 1484 2087 Scroto,
1511 2040 1597 2080 Pe—

159 2113 227 2149 ne,
265 2100 336 2151 qui
368 2104 514 2139 tamen
545 2099 683 2151 posset
704 2099 758 2138 ad
781 2100 952 2139 ordines
974 2099 1187 2140 naturales
1208 2100 1323 2139 viam
1345 2097 1593 2138 monstrare.

100 2156 296 2197 VENERE
338 2159 444 2208 Vaga
475 2157 669 2209 pruriunt
698 2156 916 2209 pleraque,
961 2157 1032 2196 ubi
1071 2158 1211 2197 Mares
1250 2157 1456 2196 dimicant
1493 2155 1600 2195 inter

159 2214 213 2263 se,
252 2227 339 2266 quo
370 2213 627 2254 valentiores
658 2214 850 2266 polleant
879 2229 957 2268 pro
996 2214 1140 2255 sobole
1177 2215 1404 2263 vivaciore,
1447 2213 1597 2253 ineun-›

157 2278 222 2312 tes
261 2272 443 2312 feminas
482 2273 694 2324 viviparas
731 2272 883 2312 foetum
917 2273 1024 2312 intra
1057 2272 1096 2312 se
1129 2272 1422 2318 excludentes,
1467 2284 1598 2323 quem

159 2329 331 2369 enixum
345 2328 520 2377 lactant,
544 2329 792 2378 defendunt,
817 2337 963 2370 curant
976 2331 1018 2370 in
1035 2332 1255 2382 proximas
1269 2330 1454 2382 nuptias,
1474 2328 1598 2368 adul-

157 2387 367 2427 tioremve
389 2392 576 2427 aetatem.
633 2390 841 2439 Pohgama
869 2393 1012 2427 autem
1036 2387 1262 2433 nonnullis,
1299 2387 1372 2427 ubi
1394 2387 1488 2426 Mas
1516 2399 1598 2438 gy-

159 2458 354 2484 naeceum
388 2458 442 2484 ex
474 2445 667 2498 pluribus
699 2445 867 2485 feminis
898 2445 969 2485 fibi
1003 2445 1212 2486 associatis
1243 2445 1436 2485 defendit
1467 2443 1596 2496 (Pho-

160 2503 259 2555 cae):
297 2502 554 2555 paucissimis
587 2516 689 2542 vero
720 2507 975 2555 Mmmgamia
1006 2503 1079 2555 est,
1122 2505 1224 2544 dum
1256 2504 1350 2543 Mas
1383 2502 1420 2542 &
1451 2502 1599 2542 Femi-

160 2574 214 2600 na
246 2560 452 2600 individui
491 2560 587 2600 socii
621 2574 765 2600 curam
804 2568 959 2613 gerunt
989 2561 1117 2602 foetus
1154 2561 1322 2613 (Simiae
1360 2559 1593 2606 nonnullae,

159 2617 337 2670 Lemur,
371 2617 717 2670 Vespertiliones,
753 2618 1019 2671 Erinaceus).

1440 2777 1600 2818 MAM-
