1788 3117
169 204 301 242 mus;
342 185 423 233 illa
460 201 639 232 arcana
675 200 774 231 non
812 181 1098 245 promiscue,
1137 196 1235 226 non
1267 178 1490 226 omnibus
1523 178 1717 240 patent!

171 254 378 303 reducia
400 254 445 300 ἃ
469 252 690 300 interiori
703 252 762 315 ()
789 250 999 299 sacrario
1021 248 1182 297 clausa
1201 247 1333 303 sunt;¹
1357 245 1576 294 involuta
1595 243 1724 291 veri-

168 335 246 372 tas
286 324 330 370 in
369 322 468 369 alto
506 321 642 369 latet.

309 392 359 438 Si
387 391 436 437 in
460 392 554 437 hoc
572 389 810 451 juventus
837 386 999 433 sobria
1024 384 1332 430 incumberet
1355 384 1466 446 (ᾗ),
1495 383 1588 429 hoc
1615 381 1724 428 Ma—

166 461 305 524 jores
345 461 595 513 docerent,
633 455 728 502 hoc
753 455 973 501 Minores
1001 451 1322 509 addiscerent,
1361 452 1441 498 vix
1465 461 1634 498 tamen
1660 449 1725 496 ad

172 529 375 576 fundum
413 526 676 580 veniretur,
715 523 762 569 in
790 539 886 584 quo
913 521 1097 568 veritas
1123 519 1279 583 posita
1305 520 1386 578 est,
1426 536 1572 582 quam
1599 535 1726 566 nunc

171 598 216 644 in
262 597 445 643 summa
488 591 713 648 Tellure,
766 590 812 636 8:
856 589 953 636 levi
1007 605 1153 636 manu
1199 588 1478 651 qvaerimus.
1552 586 1725 651 Magni

174 665 371 712 omnino
410 680 491 709 res
530 661 596 707 est
633 677 799 707 rerum
832 658 1035 704 Naturae
1073 656 1292 704 latebras
1330 657 1600 713 dimovere,
1638 673 1727 702 nec

177 743 466 781 contentum
505 729 754 776 exteriore
796 727 901 789 ejus
941 724 1221 788 conspeCWU,
1261 725 1578 788 introspicere
1612 724 1727 772 &in

180 801 362 849 Divina
398 799 585 845 secreta
622 796 937 843 descendere.
1017 794 1174 842 Seme.

312 867 493 916 Intravi
529 867 699 928 itaque
733 864 909 911 densas
941 863 1294 925 umbrosasque
1321 862 1524 909 Naturae
1551 859 1728 918 Silvas,

175 939 287 986 hinc
313 938 427 983 inde
452 935 715 983 horrentes
743 932 1021 980 acutissimis
1049 931 1096 978 ἃ
1122 931 1338 978 hamatis
1369 929 1532 994 spinis,
1573 929 1729 976 evita-

175 1008 222 1053 vi
261 1015 504 1069 quotquot
534 1003 667 1050 licuit
704 1001 954 1066 plurimaS,
994 1011 1046 1049 at
1083 1000 1330 1047 neminem
1367 1011 1469 1046 tam
1507 998 1602 1045 esse
1641 998 1731 1044 cir-

177 1073 509 1138 cumspecffum
548 1072 707 1128 didici,
755 1071 890 1134 cujus
941 1087 1038 1117 non
1083 1068 1338 1133 diligentia
1383 1068 1468 1115 fibi
1513 1067 1596 1130 ipsi
1644 1066 1731 1114 ali-

176 1144 373 1207 quando
403 1142 613 1198 excidat,
655 1141 869 1203 ideoque
895 1139 1194 1203 ringentium
1220 1137 1509 1200 Satyrorum
1541 1135 1734 1183 cachin-

177 1230 283 1270 nos,
330 1211 645 1273 humerisque
689 1208 993 1256 insilientium
1037 1205 1331 1254 simiolorum
1376 1205 1733 1269 speculationes

175 1281 384 1339 sustinui,
430 1279 591 1328 incessi
637 1279 770 1327 viam
807 1278 854 1325 &
892 1294 1037 1340 quem
1089 1276 1299 1324 dederat
1346 1275 1534 1322 cursum
1581 1275 1734 1321 fortu-

182 1368 245 1398 na
282 1349 472 1414 peregi.

1397 1965 1737 2047 IMPE-

605 2137 1316 2246 OJEHOVA!

381 2294 567 2362 Quam
613 2291 910 2363 magnifica
954 2290 1074 2342 sunt
1116 2289 1242 2341 Tua
1286 2288 1494 2359 Opera!

378 2385 481 2437 Vir
524 2383 779 2455 inslpiens
824 2400 936 2435 non
981 2380 1262 2453 cognoscit
1305 2397 1370 2432 ea

453 2475 508 2527 &
552 2474 744 2527 stultus
790 2491 902 2526 non
946 2470 1339 2525 animadvertit
1382 2488 1460 2523 ea.

1104 2561 1323 2616 David.

254 2723 305 2767 (ἢ
343 2725 439 2766 lege:
467 2725 503 2754 in
530 2724 699 2754 interiori.
760 2721 842 2753 Vide
866 2720 1088 2753 Emcmlamla
1114 2726 1193 2762 pag.
1222 2722 1298 2752 824.

240 2769 315 2813 (³⁰¹²)
346 2769 471 2811 Confer
500 2769 621 2801 Worm.
650 2768 740 2809 mus.
763 2767 902 2809 prccfczt.
933 2776 960 2800 1.
