1788 3117
726 226 1014 268 AMPHIBIA
1021 258 1030 266 .
1595 241 1607 266 1
1619 241 1642 279 9
1650 239 1669 277 5

296 346 442 383 autem
474 341 568 382 haec
593 346 688 382 Tela
720 342 920 383 dentibus
953 341 1173 392 sim‘illima,
1207 340 1278 381 sed
1310 345 1430 380 extra
1461 340 1681 381 maxillam

296 399 558 453 superiorem
575 399 797 445 collocata,
816 413 984 453 proque
1005 399 1142 440 lubitu
1161 398 1391 439 exserenda
1408 397 1445 438 δε
1462 397 1684 439 retrahen—

297 457 366 508 da,
404 457 568 497 sacculo
597 457 722 497 saniei
751 457 892 508 affixa,
926 471 1056 510 quam
1082 456 1257 496 vulnere
1279 455 1428 496 inflant
1449 457 1492 496 in
1513 455 1684 508 sangui-

297 528 411 564 nem,
445 521 537 554 tum
579 515 656 555 diri
689 513 871 556 effeffihis
903 514 1100 565 caussam,
1135 520 1340 554 caeterum
1372 514 1572 564 inertem;
1606 513 1681 553 sic-

298 586 382 624 que
404 570 584 612 Catonia
614 572 708 613 haec
739 573 878 613 morsu
905 573 1020 612 virus
1051 571 1213 612 habent
1234 571 1272 611 ἃ
1293 571 1427 611 fatum
1451 571 1581 611 dente
1603 571 1684 610 mi-

297 635 474 679 nantur,
511 629 667 682 pocula
709 636 850 670 morte
890 635 1057 679 carent,
1102 635 1232 682 prout
1273 628 1404 669 solide
1440 631 1555 668 Redi.
1617 628 1683 668 Ne

296 700 399 727 vero
431 686 474 727 hi
506 687 667 740 spoliati
700 687 923 740 miserique
954 687 1108 737 armis,
1147 701 1244 739 quae
1275 685 1374 739 ipsis
1406 685 1679 739 superessent,

298 745 477 784 nimium
500 744 706 795 saevirent,
736 745 950 786 decimam
972 757 1190 797 quamque
1211 750 1380 784 tantum
1410 743 1593 796 speciem
1615 757 1684 783 ar-

298 803 431 842 mavit
465 803 552 855 (0⁷¹)
587 803 818 855 imperans,
855 802 926 843 sed
956 801 1199 854 versipelles
1231 815 1306 842 eos
1335 800 1483 852 voluit,
1521 807 1567 841 ut
1603 801 1684 841 du-

297 859 354 899 bii
383 873 534 900 omnes
562 866 853 900 metuerentur
879 859 934 900 ab
965 859 1186 909 omnibus;
1215 865 1257 899 at
1278 858 1506 899 Beneficus
1526 858 1684 898 Homi—

299 918 341 956 ni
384 917 503 957 dedit
542 918 707 957 INDIS
746 921 1038 958 [clmeumonem
1077 931 1176 957 cum
1213 919 1467 970 Ophiorlciza,
1516 915 1683 956 AME-

298 983 535 1014 RICANIS
581 977 695 1015 Sucm
752 988 851 1015 curn
898 977 1073 1026 Sclzega,
1124 975 1433 1015 EUROPAEIS
1487 976 1684 1014 Ciconl'am

299 1045 397 1071 cum
435 1034 548 1073 Olea.

177 1100 461 1151 DIAGNOSLN,
495 1100 567 1153 qui
594 1102 697 1142 velit
722 1100 897 1152 horum,
924 1101 1107 1141 eandem
1138 1100 1330 1140 desumat
1360 1114 1384 1140 a
1405 1100 1569 1140 Pedum
1592 1099 1684 1139 suc—

300 1158 498 1198 cedaneis
525 1160 653 1199 Scutz's
685 1161 991 1198 abdominallbus
1023 1160 1350 1210 caudalibusqne;
1384 1171 1437 1197 ne
1467 1171 1570 1197 Vero
1601 1171 1684 1197 nu—

299 1229 445 1255 merus
466 1215 583 1255 alteri
607 1216 778 1256 demtus
800 1215 1006 1268 alterique
1023 1215 1195 1256 additus
1213 1215 1398 1265 seducat,
1416 1213 1538 1267 juvat
1554 1214 1683 1254 etiam

300 1279 483 1326 uterque
504 1279 837 1314 connumeratus
884 1273 988 1325 (Aa.
1021 1275 1178 1313 Stacklz.
1213 1286 1332 1324 1752.
1372 1282 1415 1326 p.
1448 1273 1585 1325 206.);
1628 1272 1683 1311 ab

301 1344 385 1371 ano
412 1331 608 1383 utrinque
634 1331 886 1384 Longitudo
918 1330 1104 1381 illustrat,
1141 1330 1180 1370 δε
1205 1330 1334 1370 Color
1366 1331 1408 1369 in
1440 1329 1678 1379 nonnullis;

300 1402 404 1429 cave
434 1401 536 1428 vero
569 1401 623 1428 ne
653 1394 801 1428 renata
832 1388 878 1428 s1t
909 1387 1105 1428 mutilata
1136 1388 1287 1428 cauda.

90 1594 129 1634 N
139 1594 182 1635 A
194 1594 232 1635 Ν
247 1595 284 1635 Τ
297 1594 335 1634 Ε
348 1594 377 1635 S
416 1595 617 1647 pinnatos
649 1595 870 1647 aquaticos
905 1595 1300 1648 (Clzondropterygz'os
1330 1593 1682 1647 cartilagineosve

302 1650 442 1693 di&os
465 1652 616 1705 Pisces)
649 1651 988 1705 Amphibiorum
1020 1651 1190 1692 classem
1221 1657 1349 1692 nunc'
1368 1651 1504 1692 subire
1527 1651 1683 1703 jubent

300 1709 530 1750 Pulmones
555 1711 609 1763 (⁴)
634 1710 853 1762 arbitrarii,
889 1709 1045 1751 Latere
1077 1710 1187 1758 licet,
1225 1723 1313 1750 non
1343 1723 1444 1750 vero
1466 1709 1681 1749 branchiis

299 1767 460 1818 liberis,
499 1767 569 1808 sed
599 1768 785 1819 adnatis,
822 1767 1097 1820 respirantesg
1135 1767 1364 1821 Maresque
1395 1767 1508 1807 Pene
1541 1766 1684 1819 dupli-

300 1825 337 1865 ci
369 1825 598 1865 insidentes
620 1825 830 1866 Feminis!
868 1826 958 1865 ovis
991 1825 1285 1866 concatenatis
1315 1824 1442 1875 foetis,
1476 1824 1682 1876 foedaque

301 1882 434 1934 Cutis,
457 1882 644 1935 Ossaque
666 1882 952 1936 cartilaginea,
975 1888 1143 1923 caetera.
1177 1882 1329 1934 Neque
1350 1882 1393 1922 hi
1416 1896 1568 1923 omnes
1589 1882 1681 1922 To-
1748 1915 1749 1918 ,

300 1941 398 1980 xico
430 1946 642 1993 expertes,
679 1940 784 1981 teste
814 1940 1044 1992 Pastinaca,
1082 1940 1346 1993 Torpedine.

91 2146 524 2189 AMPHIBIOLOGI
556 2148 749 2188 omnium
781 2147 1014 2200 paucissimi
1048 2147 1150 2199 sunt,
1185 2148 1376 2201 nullique
1406 2149 1506 2188 veri.

301 2214 402 2252 Seba
434 2225 612 2252 numero
644 2211 857 2264 stupendo
887 2211 960 2252 fibi
982 2212 1130 2263 ignota
1151 2211 1327 2265 pulchre
1348 2211 1521 2264 collegit
1543 2210 1581 2251 ἃ
1603 2210 1680 2251 de-

299 2275 485 2324 lineavit,
507 2274 579 2315 sed
596 2275 903 2328 multiplicavit,
926 2275 1192 2328 minimeque
1209 2275 1435 2328 descripsit.
1466 2277 1685 2315 Cateslaoeus

300 2351 380 2378 nec
400 2351 564 2391 paucos
586 2337 819 2390 Serpentes
840 2337 1061 2390 pulchrius
1084 2338 1325 2389 delineavit,
1354 2351 1483 2390 quam
1501 2339 1679 2377 notavit.

835 2681 872 2721 N
908 2695 927 2721 2
1469 2671 1680 2719 GENE-

92 2778 143 2820 (*)
161 2779 342 2811 pulmones
358 2781 478 2811 horum
490 2781 659 2821 pez-Yinati
678 2785 718 2810 ut
730 2780 889 2821 Piscium,
898 2780 964 2821 sed
977 2780 1100 2811 adnati
1114 2781 1181 2822 vast
1192 2784 1305 2811 arcato
1323 2780 1503 2822 cylindrico
1521 2781 1680 2822 lubulqs0‚

185 2825 306 2867 absque
330 2825 427 2858 radio
452 2825 540 2867 qffeo,
566 2837 624 2858 nec
641 2827 788 2869 piscium
802 2826 920 2868 fimili,
947 2827 1011 2868 71ss
1035 2831 1174 2858 externa
1191 2826 1323 2869 figura.
