1788 3117
365 178 694 220 MAMMALIA
724 177 1031 220 PRJMATES.
1095 177 1256 218 Homo.
1548 189 1568 216 2
1580 191 1594 217 1

24 298 161 336 Euro—
232 295 269 350 β.
302 293 437 341 albus,
473 293 740 346 sanguineuS,
775 292 953 333 torosus.

43 361 166 407 paeus.
286 354 385 391 Pilis
407 350 725 391 flavescentibus
746 349 933 403 prolixis.
987 348 1136 391 Oculis
1168 347 1372 389 caeruleis.

285 411 416 459 Levis,
452 408 723 460 acutissimus,
759 409 967 448 inventor.

293 469 333 505 T
327 469 452 518 egitur
480 465 754 506 Vestimentis
785 463 923 506 arctis.

285 526 453 573 Regitur
479 522 663 563 Ritibus.

23 629 169 678 Afiati—
226 642 264 681 γ.
299 626 473 676 luridus,
500 624 846 675 melancholicus,
873 624 1049 678 rigidus.

66 699 142 724 cus.
287 687 387 724 Pilis
419 682 738 736 nigricantibus.
799 684 930 722 Oculis
962 680 1100 720 fuscis.

287 743 465 790 Severus,
502 739 719 789 fastuosus,
756 751 921 779 avarus.

293 800 333 837 T
327 801 454 849 egitur
480 797 746 837 Indumentis
777 796 898 836 laxis.

288 858 460 905 Regitur
485 853 789 906 Opinionibus.

774 1046 808 1085 B
841 1060 862 1096 3
1469 1045 1505 1084 ὃ.
1540 1044 1602 1084 ni-

21 1140 255 1172 lVaturaliter:
303 1140 354 1171 Te
394 1139 530 1171 audacis
570 1144 698 1170 naturae
738 1139 953 1174 miraculum,
999 1137 1208 1168 Animalium
1247 1137 1459 1179 Principem,
1509 1137 1604 1177 cujus

115 1186 225 1218 cauffa
251 1184 372 1217 cuncta
398 1185 514 1227 genuit
537 1189 667 1225 natura,
696 1184 762 1216 esse
787 1184 913 1215 animal
938 1183 1033 1224 flens,
1063 1183 1191 1222 ridens,
1219 1183 1410 1221 melodum,
1445 1182 1603 1224 loquens,

114 1232 244 1270 docile,
280 1231 453 1272 judicans,
491 1231 678 1271 admirans,
716 1229 1004 1272 sapientissimum3
1044 1228 1102 1260 sed
1137 1229 1274 1270 fragile,
1311 1229 1457 1268 nudum,
1487 1229 1604 1270 suapte

96 1282 230 1309 —natura
260 1277 403 1315 inerme,
436 1277 480 1308 ad
519 1287 656 1308 omnem
686 1276 829 1307 fortunae
862 1274 1104 1307 contumeliam
1135 1273 1337 1316 projectum,
1376 1275 1496 1306 alienae
1528 1274 1604 1316 opis

112 1323 280 1365 indigens,
318 1323 426 1355 anxiae
462 1323 584 1355 mentis
621 1322 842 1364 sollicitaeque
878 1321 1010 1361 tutelae,
1048 1320 1195 1362 precarii
1233 1320 1377 1362 spiritus,
1417 1320 1605 1362 pertinacis

114 1369 193 1411 spei,
227 1369 378 1411 querulae
410 1369 497 1411 vitae,
528 1369 633 1401 tardae
664 1367 846 1410 sapientiae.
904 1366 1085 1408 Temporis
1125 1366 1302 1398 annihilati
1342 1366 1486 1398 emortui
1520 1376 1606 1398 con-

116 1420 305 1456 temtorem,
331 1414 505 1457 praesentis
530 1415 635 1446 vividi
659 1414 938 1455 dilapidatorem,
971 1412 1073 1444 futuri
1098 1412 1192 1443 dubii
1218 1412 1454 1443 aestimatorem
1478 1412 1513 1442 in
1538 1411 1607 1443 vita

112 1461 253 1500 volucri,
280 1460 519 1502 pretiosissima,
552 1459 785 1500 irrevocabili;
823 1459 865 1491 sic
900 1458 1030 1500 optima
1068 1468 1211 1500 quaeque
1245 1458 1320 1489 dies
1354 1457 1481 1489 miseris
1513 1468 1607 1489 mor-

113 1507 235 1539 talibus
268 1507 330 1537 aevi
362 1507 472 1549 prima
503 1507 608 1549 fugit;
646 1506 750 1538 alium
788 1507 832 1537 ad
871 1504 1108 1547 quotidianum
1142 1514 1230 1546 opus
1262 1503 1437 1535 laboriosa
1467 1503 1607 1545 Egestas

112 1558 231 1593 vocat3
267 1552 370 1584 alium
400 1553 513 1584 Luxus
544 1553 743 1590 incarcerat,
777 1551 973 1593 altilemque
1006 1549 1164 1589 suffocat3
1200 1549 1304 1581 alium
1328 1549 1482 1581 Ambitio
1506 1559 1606 1580 num-

114 1609 215 1640 quam
241 1599 355 1640 quieta
379 1598 552 1638 sollicitat;
587 1598 671 1630 alius
701 1597 849 1638 Divitiis,
884 1607 966 1639 quas
1000 1600 1191 1638 optaverat,
1227 1595 1354 1634 metuit,
1388 1595 1416 1626 Sc
1449 1599 1531 1627 voto
1555 1595 1607 1626 la-

111 1645 213 1677 borat
251 1644 327 1684 suo;
373 1645 477 1676 alium
514 1644 689 1685 Solitudo,
723 1643 827 1676 alium
870 1642 1003 1684 semper
1046 1641 1249 1673 vestibulum
1297 1641 1457 1673 obfidens
1498 1641 1607 1672 turba.

112 1691 181 1722 Hic
206 1690 239 1722 se
264 1691 393 1722 habere
419 1691 516 1722 dolet
544 1690 700 1729 Liberos,
734 1690 789 1721 hic
824 1689 857 1721 se
889 1688 1094 1731 perdidiffe3
1128 1689 1304 1729 Lacrymae
1335 1687 1436 1719 nobis
1463 1687 1608 1718 deerunt

113 1742 296 1778 antequam
322 1737 440 1768 caussae
465 1736 618 1768 dolendi.
667 1736 735 1768 Sed
762 1746 939 1777 quousque
964 1745 1028 1765 nos
1054 1733 1164 1765 malos
1189 1733 1302 1764 nostra
1326 1733 1418 1765 mala
1442 1743 1604 1774 rapuere:

114 1782 334 1814 circumferre
367 1782 528 1824 pericula,
563 1792 661 1813 ruere
694 1782 728 1813 in
760 1782 908 1823 ignotos,
940 1781 1043 1812 iratos
1075 1779 1141 1810 fine
1172 1779 1304 1821 injuria,
1337 1779 1486 1810 ferarum
1511 1789 1607 1810 more

115 1829 279 1860 occidere
312 1839 414 1870 quem
447 1839 518 1860 non
553 1828 736 1866 oderimus,
772 1827 938 1859 secundos
972 1831 1092 1868 optare
1118 1831 1248 1864 vento&
1286 1835 1431 1867 quorum
1461 1824 1606 1856 felicitas

115 1874 162 1906 est
187 1875 231 1906 ad
255 1874 350 1906 bella
376 1875 544 1916 perferre3
580 1884 700 1916 parum
723 1873 886 1905 videlicet
911 1873 954 1905 ad
979 1877 1106 1904 mortes
1132 1871 1261 1903 nostras
1288 1876 1378 1903 terra
1402 1871 1469 1902 late
1494 1875 1600 1913 patet.

113 1920 223 1952 Sonec.
248 1920 275 1951 C
275 1925 372 1952 cetera
385 1920 579 1951 animantia
593 1920 789 1961 congregari
801 1923 913 1951 contra
928 1918 1111 1960 dzffimilia,
1127 1922 1164 1949 at
1172 1916 1319 1948 Homini
1326 1917 1479 1958 plurima
1493 1927 1532 1948 ex
1545 1917 1602 1947 lio-

116 1967 205 1999 mine
229 1966 331 1998 mala.
382 1966 473 1997 Plin.

22 2011 182 2044 Politice:
215 2013 266 2044 Te
297 2011 383 2044 reffi
406 2012 488 2044 loco
513 2017 632 2044 tenere
663 2021 814 2043 errorem
846 2011 1022 2053 publicum
1056 2008 1199 2050 factum,
1234 2009 1292 2050 qui
1325 2013 1358 2040 te
1390 2008 1445 2040 vix
1472 2008 1608 2040 enixum

113 2057 364 2090 consvetudinis
400 2058 494 2090 larva
529 2058 654 2098 induit,
690 2057 807 2095 nutrit,
843 2057 980 2095 educat,
1019 2056 1094 2094 alit,
1135 2054 1240 2096 regit,
1279 2054 1466 2086 secundum
1507 2064 1607 2096 quarn

111 2104 283 2143 honestus,
310 2104 418 2143 fortis,
446 2103 590 2145 sapiens,
615 2109 775 2142 moratus,
802 2103 877 2144 pius
905 2101 1118 2140 existimaris,
1154 2101 1239 2132 Cum
1273 2101 1482 2142 gubernatus
1518 2100 1608 2141 Opi-

113 2150 218 2182 nione
250 2150 343 2182 vivas
377 2151 421 2181 ad
455 2149 755 2189 Consvetudinem,
788 2159 854 2180 nec
888 2149 931 2180 ad
966 2148 1162 2179 Rationem.
1219 2146 1280 2185 Te,
1316 2146 1404 2178 inter
1436 2146 1607 2187 perituros

113 2196 337 2235 constitutum,
372 2206 449 2228 cum
482 2195 566 2227 nulli
601 2195 745 2236 contigit
775 2194 915 2236 impune
946 2193 1055 2233 nasci,
1089 2192 1251 2223 beneficii
1284 2193 1361 2223 loco
1403 2197 1537 2234 petere,
1571 2196 1608 2223 ut

111 2242 246 2273 ultimus
273 2242 442 2273 cervicem
467 2242 640 2283 praebeas,
675 2241 756 2272 dum
780 2240 932 2279 interim,
969 2239 1062 2271 dulci
1095 2238 1232 2270 fortuna
1266 2238 1394 2277 ebrius,
1431 2238 1606 2280 colligen-

114 2288 160 2319 do
185 2288 221 2319 in
247 2288 427 2319 crastinum
453 2287 608 2329 Lapillos
635 2287 780 2318 fortunae
812 2291 931 2325 certas,
967 2285 1080 2317 verbis
1114 2284 1150 2315 in
1174 2284 1324 2315 furorem
1355 2284 1476 2326 ageris,
1511 2283 1609 2315 aliter

112 2334 301 2366 theoretice
328 2334 405 2376 pios
432 2333 515 2365 odio
541 2332 766 2374 persequeris,
794 2336 1008 2374 quantosque
1034 2330 1194 2361 tumultus
1222 2330 1360 2369 excitas,
1385 2340 1456 2360 non
1480 2334 1516 2360 ut
1541 2328 1608 2360 ser·-

112 2379 193 2419 vias,
221 2379 279 2411 sed
304 2380 375 2420 cui,
408 2379 507 2422 nugis
532 2378 760 2410 irrevocabile
785 2383 919 2419 tempus
955 2376 1143 2415 consumis;
1177 2376 1380 2407 immortalia
1413 2382 1608 2417 zetemaque

113 2425 229 2457 animo
264 2425 409 2466 volutas,
441 2426 485 2457 de
519 2425 599 2456 seris
632 2423 817 2466 nepotibus
851 2423 1171 2466 pronepotibusque
1198 2421 1361 2462 disponis,
1399 2432 1507 2453 novas
1533 2420 1608 2462 spes

118 2471 244 2503 oblitus
284 2471 491 2503 conditionis
517 2471 599 2502 Tuae
632 2470 750 2512 ponis,
789 2470 869 2500 dum
901 2470 1031 2502 interea
1062 2468 1169 2509 longa
1202 2472 1385 2499 conantem
1417 2478 1509 2499 mors
1541 2478 1609 2508 op-

113 2529 246 2571 primit,
280 2534 314 2561 at
346 2529 383 2560 in
415 2539 528 2571 agone
561 2528 682 2560 oculos
717 2527 875 2569 aperiens
917 2513 1257 2578 (ἅνθρωπος)
1296 2523 1461 2556 somnium
1492 2524 1609 2565 primo

113 2586 288 2625 observas3
314 2586 370 2617 Sic
393 2587 542 2618 vivimus
567 2590 606 2616 ut
630 2585 829 2616 inmortales
855 2584 898 2615 ἐφ’
923 2584 1088 2616 morimur
1112 2589 1151 2612 ut
1178 2582 1342 2613 mortales.
1371 2581 1482 2613 Senec.

20 2631 216 2664 Moraliter:
253 2632 304 2663 Te
342 2632 400 2663 sub
435 2632 510 2663 rudi
543 2633 637 2663 larva
669 2631 845 2672 Ineptum,
878 2629 1070 2668 Lascivum,
1110 2627 1337 2666 Imitatorem,
1373 2625 1607 2666 Ambitiosum,

113 2678 307 2720 Prodigum,
341 2678 530 2718 Solicstum,
564 2677 726 2717 Asturum,
761 2676 947 2715 Austerum,
984 2675 1152 2715 Invidum,
1191 2675 1349 2714 Avarum,
1383 2673 1606 2714 transforma-

113 2724 143 2754 ri
180 2723 216 2755 in
250 2725 434 2765 Attentum,
479 2723 624 2764 Castum,
669 2722 930 2761 Confideratum,
968 2721 1169 2759 Modestum,
1216 2719 1386 2757 Sobrium,
1426 2717 1608 2759 Tranquil-

112 2769 193 2811 lum,
232 2770 417 2811 Sincerum,
456 2770 585 2808 Mitem,
625 2767 832 2807 Beneficum,
878 2768 942 2799 suis
981 2768 1198 2799 Contentum.
1271 2766 1340 2796 Uni
1379 2765 1608 2795 animantium
