1788 3117
481 178 809 221 MAMMALIA
839 178 1147 221 PRIMATES.
1210 179 1370 220 Homo.

465 350 627 403 Capite,
663 349 922 403 Superciliis,
950 349 1169 402 Ciliisque,
1195 351 1369 391 tandem
1391 350 1521 401 Pube,
1548 348 1716 400 Axillis,

463 407 740 459 Maribusque
770 407 932 447 Mento.
995 407 1184 446 Feminis
1214 407 1431 460 Nymphae
1460 406 1498 447 &
1528 406 1716 457 Clitoris;

463 465 666 504 Mammae
689 477 709 502 2
736 462 994 516 pe&orales.
1039 463 1178 515 Caput
1199 463 1386 505 Cerebro
1408 464 1601 505 omnium
1629 477 1722 504 ma-

461 522 599 570 ximo,
627 519 789 566 Uvula3
815 521 963 560 Facies
982 520 1200 560 abdomini
1218 521 1432 573 parallela,
1454 522 1584 571 nuda3
1610 520 1720 561 Naso

466 578 751 630 prominente,
769 576 1021 629 compresso,
1040 577 1256 628 breviore3
1275 578 1421 619 Mento
1438 579 1721 631 prominente.

463 634 610 675 Cauda
631 633 760 674 nulla.
815 633 949 674 Pedes
971 633 1086 674 Talis
1107 634 1369 676 incedentes.

141 736 333 789 Troglo-
352 737 458 777 2.H.
485 735 720 777 noc'turnus
755 735 826 788 (s).

173 794 306 846 dyteS.

143 1936 179 1980 *)

403 793 549 833 Homo
580 792 786 846 sylvestris
817 792 965 845 Orang
995 792 1183 846 Outang.
1234 797 1355 834 Bont.
1379 798 1470 847 jav.
1507 799 1571 844 84.
1603 802 1627 834 t.
1653 797 1719 844 84.

403 849 692 891 Kakurlacko.
754 854 882 904 Kyoep.
907 854 991 890 itin.
1019 866 1051 890 c.
1078 853 1144 891 86.
1180 853 1324 891 Dalin.
1352 858 1453 891 orat.
1483 864 1521 902 5.

403 911 578 948 Habitat
620 911 660 947 in
706 907 941 960 AEthiopiae
988 912 1231 948 conterminis
1277 906 1447 961 (Plin.),
1501 911 1539 948 in
1586 908 1716 961 Javae,

461 964 708 1016 Amboinae,
744 964 969 1005 Ternateae
989 967 1203 1018 speluncis.

406 1022 572 1074 Corpus
610 1025 760 1070 album,
802 1023 945 1072 inceffic
986 1026 1171 1072 erectum,
1222 1026 1347 1075 nostro
1383 1025 1540 1062 dimidio
1580 1025 1718 1062 minus.

463 1079 537 1119 Pili
569 1083 660 1129 albi,
697 1081 1022 1131 contortuplicati.
1087 1079 1210 1121 Oculi
1241 1083 1471 1120 orbiculati:
1505 1078 1610 1119 iride
1639 1092 1724 1131 pu-

462 1136 649 1190 pillaque
670 1152 805 1176 aurea.
840 1135 1060 1189 Palpebrae
1081 1141 1204 1178 antice
1224 1141 1475 1177 incumbentes
1496 1152 1578 1177 cum
1596 1139 1721 1177 Mem-

461 1197 586 1234 brana
622 1197 836 1234 nic‘Zitante.
901 1193 1023 1234 Visus
1062 1197 1252 1244 lateralis,
1297 1199 1524 1235 nocturnus.
1587 1192 1722 1234 Aetas

462 1253 587 1291 XXV
623 1266 826 1292 armorum.
907 1251 991 1291 Die
1036 1255 1199 1304 coecutit,
1247 1253 1361 1303 latet,·
1412 1250 1555 1292 N06³m
1601 1253 1717 1299 videt,

462 1312 557 1359 exit,
589 1313 778 1361 furatur.
851 1307 1062 1361 Loquitur
1092 1312 1232 1362 fibz‘l0;
1287 1312 1454 1361 Cogitat,
1501 1310 1624 1349 credit
1661 1309 1725 1353 sui

461 1367 598 1416 cazlffa
616 1369 777 1419 fafftam
809 1368 996 1416 tellurem,
1030 1367 1081 1416 se
1111 1368 1322 1418 aliquando
1353 1370 1491 1406 iterum
1528 1370 1614 1410 fore
1649 1369 1725 1405 im-

454 1430 669 1477 perantem,
695 1425 858 1475 fifides
880 1426 1252 1477 peregrinatoribus.

1558 1839 1599 1870 2.
1639 1823 1721 1870 SI—

233 1938 344 1969 Genus
369 1937 591 1980 Troglodytae
617 1938 659 1968 ab
685 1937 835 1968 Homine
861 1936 1061 1978 distinctum,
1087 1937 1241 1969 adhibita
1267 1937 1419 1979 quamvis
1445 1938 1538 1969 omni
1563 1938 1724 1970 attentio-

232 1994 288 2023 ne,
317 1983 473 2015 obtinere
498 1994 569 2014 non
599 1983 706 2024 potui,
743 1983 802 2014 nifi
837 1983 1036 2015 assumerem
1061 1988 1178 2015 notam
1201 1983 1382 2022 lubricam,
1418 1983 1453 2014 in
1484 1983 1557 2015 aliis
1584 1983 1723 2024 generi-

233 2030 297 2060 bus
327 2040 398 2061 non
430 2029 649 2061 constantem.
704 2029 780 2060 Nec
812 2029 943 2060 Dentes
979 2028 1128 2069 laniarii,
1169 2029 1310 2061 minime
1347 2039 1366 2060 a
1402 2027 1544 2071 reliquis
1581 2029 1722 2067 remoti;

234 2085 299 2106 nec
336 2075 507 2117 Nymphae
550 2074 680 2115 Caffrae,
729 2075 851 2116 quibus
884 2079 1001 2107 carent
1032 2075 1155 2113 Simiae,
1199 2075 1292 2107 hunc
1329 2075 1372 2106 ad
1410 2074 1517 2107 fimias
1555 2076 1721 2107 reducere

235 2121 470 2153 admittebant.
519 2121 699 2162 Inquirant
723 2125 870 2162 autoptae
896 2121 930 2152 in
956 2121 1047 2162 vivo,
1081 2132 1147 2162 qua
1170 2121 1319 2162 ratione,
1350 2121 1454 2152 modo
1480 2126 1571 2153 notae
1597 2121 1723 2163 aliquae

233 2167 382 2206 existant,
402 2168 445 2198 ab
463 2166 611 2198 hominis
631 2167 768 2198 Genere
785 2166 932 2208 separari
951 2171 1064 2209 queat,
1090 2178 1169 2199 nam
1187 2167 1401 2208 interstmias
1418 2167 1604 2208 versantem
1624 2172 1723 2208 opor-

235 2216 281 2244 tet
305 2213 364 2254 effe
380 2213 528 2255 fimiam.
581 2212 775 2254 Apollodor.

140 2258 289 2300 Speciem
314 2259 536 2300 Troglodytae
561 2259 603 2290 ab
629 2258 779 2290 Homine
805 2258 955 2300 sapiente
981 2257 1268 2298 distinffisfimam,
1296 2268 1361 2290 nee
1386 2258 1489 2289 nostri
1514 2258 1652 2300 generis
1678 2258 1723 2289 il—

232 2304 301 2335 lam
317 2314 380 2335 nec
399 2304 570 2346 sangvinis
595 2304 670 2344 esse,
698 2304 819 2336 statura
845 2305 997 2346 quamvis
1020 2304 1233 2345 fimillimam,
1260 2305 1400 2335 dubium
1416 2314 1487 2335 non
1505 2305 1562 2343 est,
1591 2314 1634 2335 ne
1656 2303 1723 2335 ita-

234 2360 300 2391 que
325 2350 522 2382 varietatem
547 2351 678 2390 credas,
709 2361 808 2392 quam
835 2351 891 2382 vel
916 2350 986 2382 sola
1010 2350 1212 2382 Membrana
1235 2349 1394 2382 niaeftitans
1427 2349 1578 2382 absolute
1609 2354 1721 2391 negat.

140 2395 225 2437 Afri
250 2395 340 2427 Pilos
367 2396 687 2438 contortuplicatos,
721 2396 873 2438 quamvis
904 2397 1014 2437 albos,
1047 2396 1083 2427 in
1115 2396 1184 2427 hoc
1208 2396 1347 2428 miratus
1380 2395 1458 2435 sum,
1493 2395 1627 2427 collatis
1659 2395 1722 2426 im-

234 2442 350 2483 primis
390 2443 599 2474 Varietatum
639 2442 756 2474 caussis
796 2441 831 2473 in
867 2441 1013 2481 Plantis,
1055 2442 1090 2473 in
1123 2441 1223 2473 Pullo
1257 2441 1468 2479 Gallinam-20,
1506 2452 1570 2473 nec
1607 2446 1723 2473 tamen

236 2486 422 2529 quidquam
446 2489 488 2519 de
513 2488 638 2519 Mauris
664 2488 751 2519 albis
778 2498 819 2519 ex
844 2487 949 2529 nigris
975 2487 1079 2519 statui.

142 2531 388 2564 Proeadamz'tas
421 2544 485 2564 nec
518 2533 588 2564 dixi
624 2533 687 2565 hos
724 2533 955 2575 Troglodytas
991 2533 1103 2573 Plinii,
1145 2534 1296 2575 quamvis
1332 2544 1395 2565 nos
1432 2533 1587 2565 ultimum
1625 2532 1722 2564 fimus

236 2578 426 2610 creationis
452 2590 549 2620 opus.

139 2623 251 2656 Homo
275 2625 438 2656 caudatus
463 2625 625 2665 lzz'tsutus.
652 2623 822 2665 Maupert.
842 2625 930 2666 epist.
951 2628 981 2657 7.
1001 2624 1104 2666 Kz'c'ip.
1126 2626 1163 2656 it.
1188 2629 1239 2658 79.
1265 2625 1367 2656 Bont.
1379 2626 1457 2666 jav.
1477 2628 1533 2664 85,
1562 2635 1607 2656 an
1624 2625 1718 2656 Aldr.

233 2668 328 2711 digit.
348 2669 441 2702 ⁶249?
476 2670 591 2702 incola
617 2670 709 2702 orbis
741 2669 928 2710 antarcstiei,
960 2671 1060 2702 nobis
1086 2671 1234 2712 ignotus,
1266 2671 1416 2712 ideoque
1441 2676 1552 2703 utrum
1576 2671 1619 2702 ad
1644 2671 1722 2701 Ho-

233 2716 331 2747 minis
356 2719 414 2748 aut
438 2716 549 2747 Simiae
575 2726 680 2758 genus
697 2716 884 2758 pertineat,
909 2727 979 2748 non
1005 2717 1206 2748 determino.
1255 2716 1379 2748 Mirum
1404 2718 1497 2758 quod
1521 2717 1637 2758 ignem
1663 2726 1722 2747 ex-

233 2761 324 2801 citet,
361 2772 547 2804 carnesque
574 2762 662 2801 asset,
699 2762 850 2804 quamvis
876 2763 902 2794 6⁶
928 2763 1049 2794 crudas
1074 2768 1171 2795 voret
1195 2762 1388 2794 testimonio
1414 2762 1720 2804 Peregrinantium.

405 297 562 347 Differt
579 293 720 346 itaque
742 307 766 333 a
786 293 958 346 reliquis
975 292 1165 345 Corpore
1193 292 1338 334 eree'to
1368 293 1498 344 nudo,
1531 297 1574 332 at
1588 292 1722 346 piloso
1762 284 1769 338 ’ζ
