1788 3117
191 212 215 250 6
666 211 952 252 IMPERIUM
983 211 1021 250 N
1023 210 1105 250 AT
1112 211 1265 252 URAE.

188 323 389 365 ASTRA
429 324 521 364 sunt
556 325 830 365 remotisslma
857 338 1036 377 corpora
1068 324 1222 373 lucida,
1256 338 1353 377 quae
1385 330 1591 378 gyrantur
1621 331 1741 365 motu

249 387 482 434 perpetuo;
510 381 602 422 sunt
622 382 716 421 haec
738 388 810 422 aut
831 381 1005 422 SIDERA
1026 382 1202 434 propria
1223 381 1318 422 luce
1339 383 1557 432 radiantia,
1586 388 1633 422 ut
1654 384 1737 432 Sol,

245 439 584 490 remotioresque
614 441 744 479 Stella
762 443 884 492 βακε,-
918 445 991 478 aut
1029 439 1262 478 PLANETAE
1296 453 1321 478 a
1357 439 1561 480 sideribus
1600 439 1740 479 lucem

249 502 507 545 mutuantes,
571 508 755 547 quorum
806 496 992 548 primarii
1043 494 1235 535 Solares:
1304 498 1515 547 Saturum,
1570 500 1736 550 fizpz'ter,

243 557 378 592 lisam.
431 556 578 603 Tellus,
635 555 774 600 Venus,
822 554 1067 599 Mercari1153
1118 551 1350 593 secundarii
1400 553 1742 594 obsecundantes

245 610 445 660 Planetis,
491 616 536 649 ut
580 613 698 649 Luna
754 608 926 659 Telluri,
975 608 1150 661 aliique3
1205 625 1273 650 nec
1314 612 1422 663 poffe
1449 614 1535 664 fine
1587 614 1743 664 Custode

245 674 394 706 tantum
426 676 518 718 opus
544 670 676 718 stare,
718 682 784 706 nec
814 670 914 706 hunc
934 668 1109 718 fiderunt
1140 669 1360 716 dt'scmsmn
1382 671 1551 721 fortuiti
1578 673 1741 722 impetus

242 725 333 773 effi,
376 739 465 763 nam
497 739 581 775 qna>
613 725 727 773 casas
757 727 896 763 incitat
911 725 1022 776 soepe
1051 727 1210 763 turbam·
1237 727 1287 764 ἐν
1319 728 1391 764 cito
1421 729 1604 765 arietare.
1641 725 1700 779 (g)

184 813 510 854 ELEMENTA
547 813 640 854 sunt
671 828 851 867 corpora
887 814 1196 867 simplicissima,
1234 814 1564 867 atmosphaeram
1594 816 1739 857 Plane-

300 877 438 911 tarum
471 871 783 922 constituentia,
819 872 951 924 spatia
981 872 1091 912 inter
1121 872 1247 913 Astra
1277 871 1386 912 forte
1417 873 1648 926 replentia:

241 929 406 968 TERRA
437 938 571 981 opaca,
697 932 805 981 fixa,
932 932 1109 982 frtgida,
1175 932 1383 982 quiescens,
1442 934 1605 984 sterili&

240 986 380 1035 AQUA
431 989 644 1039 dz'aplzana,
692 989 840 1040 fluida,
935 989 1111 1038 humida,
1167 995 1392 1041 penetrum,
1458 992 1679 1041 concipiens.

241 1043 346 1083 AER
421 1047 654 1097 pellncz'dns,
705 1048 890 1097 elastc'czts,
926 1047 1067 1096 ficem,
1172 1048 1399 1093 obvolitans,
1458 1060 1663 1096 generans.

242 1101 367 1141 onis
429 1104 591 1150 lucidas,
709 1105 889 1154 refilicns,
942 1103 1108 1152 calidus,
1175 1106 1344 1151 evolans,
1457 1106 1672 1155 vivg'ficans.

246 1162 426 1199 Omnium
478 1162 767 1200 Elementorum
814 1163 960 1199 alterni
1003 1161 1186 1209 recmfics
1220 1162 1337 1211 fiant,
1388 1162 1578 1212 quidquid
1625 1162 1744 1200 alteri

289 1221 398 1269 perit
426 1220 466 1256 in
498 1220 662 1257 alterum
693 1220 858 1269 tranfit,·
891 1220 1053 1256 alterna>
1072 1219 1175 1267 sunt
1203 1221 1303 1258 vices
1333 1232 1480 1257 rerum.
1519 1217 1580 1270 (h)

181 1308 414 1349 TELLUS
456 1307 515 1348 est
553 1309 710 1361 globus
749 1308 1011 1361 planetarius
1038 1308 1154 1348 horis
1184 1322 1236 1359 24
1267 1314 1443 1361 rotatus,
1483 1310 1644 1349 circum
1674 1308 1741 1349 so-

242 1366 326 1406 lem
360 1367 588 1418 quotannis
611 1368 652 1406 in
675 1366 825 1406 orbem
858 1365 992 1415 affus,
1026 1369 1315 1406 Elementormn
1348 1366 1633 1419 atmosphaera
1662 1367 1738 1406 ob-

239 1424 424 1474 velatus,
471 1438 612 1464 rerum
659 1427 921 1464 Naturalium
960 1423 1172 1476 stupendo
1211 1425 1369 1464 cortice
1410 1423 1572 1476 te&us,
1620 1423 1740 1476 cujus

239 1481 550 1534 cognoscendae
573 1481 807 1534 superficiei
829 1480 1065 1521 studemus.
1103 1481 1268 1522 Globus
1296 1481 1365 1522 hic
1386 1487 1639 1534 terraqueus
1662 1482 1736 1533 est,

241 1539 361 1591 cujus
384 1539 687 1592 depressiorem
709 1545 876 1592 partem
897 1538 1041 1591 Aquae
1063 1539 1274 1579 inundant
1290 1538 1328 1579 &
1344 1542 1465 1580 Mare
1486 1539 1600 1580 lente
1623 1553 1738 1580 coar-

241 1595 471 1645 &andt1m3
509 1597 731 1637 elatiorem
761 1611 863 1637 vero
894 1610 1018 1649 aquae
1041 1597 1209 1648 fugiunt
1232 1596 1378 1638 senfim
1406 1597 1670 1637 dilatandam
1698 1597 1740 1637 in

247 1657 508 1694 Continenfcm
551 1655 700 1694 siccam
735 1654 1033 1695 habitabilem.
1095 1653 1203 1694 Haec
1243 1653 1470 1707 Aquarum
1507 1654 1657 1705 halitu,
1700 1655 1739 1694 vi

239 1711 364 1751 Aeris
391 1712 433 1751 in
462 1716 577 1752 nubes
608 1711 720 1763 msto,
758 1713 972 1762 irroratur,
1010 1717 1056 1752 ut
1086 1711 1238 1752 summi
1270 1718 1441 1752 montes
1471 1713 1738 1764 perennique

240 1771 336 1809 nive
379 1769 526 1821 Alpini
569 1773 836 1821 Scatnmgines
880 1771 922 1809 in
959 1774 1118 1810 Fluvios
1158 1783 1370 1822 perennes
1415 1776 1737 1821 concurrentes,

241 1840 423 1878 eamque
451 1834 737 1879 permeantes,
774 1834 926 1881 potum
957 1827 1136 1867 terrestri
1165 1827 1262 1867 cibo
1292 1828 1454 1867 addant
1485 1829 1527 1867 in
1559 1827 1740 1877 alimen—

239 1890 332 1924 tum
365 1884 623 1931 incolarum„
660 1886 763 1925 dum
805 1889 915 1925 Venti
942 1891 1109 1924 motum
1142 1885 1330 1925 excitant
1365 1889 1474 1937 Ignis
1505 1885 1646 1925 calore
1675 1886 1740 1924 vi-

238 1941 416 1982 vificatis
455 1943 722 1995 corporibus.
789 1945 855 1983 Sic
891 1947 1020 1983 omnia
1056 1942 1305 1996 adjuvabunt
1335 1945 1555 1988 Naturam,
1593 1950 1638 1982 ut
1663 1958 1741 1982 na·-

240 2007 338 2039 tttroe
370 2009 486 2052 opera
509 2009 762 2053 peragantur
795 2001 858 2053 (i).

181 2090 537 2132 NATURALIA
575 2091 667 2131 sunt
696 2105 878 2144 corpora
908 2090 1063 2132 cunGOE
1095 2090 1304 2131 Creatoris
1332 2105 1461 2131 manu
1489 2091 1737 2144 composita,

296 2150 501 2189 corticem
523 2149 706 2189 Telluris
728 2149 1039 2198 constituentia,
1068 2149 1110 2188 in
1132 2149 1282 2201 Regna
1303 2148 1478 2189 Naturae
1495 2150 1574 2189 tria
1591 2149 1732 2196 divisa,

300 2220 486 2260 quorum
518 2207 670 2246 limites
702 2213 961 2247 concurrunt
992 2208 1032 2245 in
1065 2206 1357 2259 Lithophytis.

237 2264 479 2304 LAPIDES
520 2278 701 2317 corpora
745 2268 931 2317 congesta,
964 2277 1043 2304 nec
1072 2265 1182 2315 viva,
1220 2277 1299 2304 nec
1330 2263 1564 2304 sentientia.

239 2322 558 2362 VEGETABILIA
581 2335 698 2374 corp.
742 2323 972 2373 organisata
1004 2321 1041 2361 ἃ
1071 2325 1178 2373 viva,
1215 2334 1300 2361 non
1332 2321 1567 2362 sentientia.

236 2378 531 2420 ANIMALIA
578 2394 697 2433 corp.
740 2382 969 2434 orgamsata
1018 2378 1055 2418 ἃ
1105 2382 1197 2418 viva
1240 2378 1277 2418 ἃ
1316 2381 1548 2430 sentientia,
1604 2379 1738 2432 spon-

296 2443 425 2489 teque
464 2437 502 2477 se
543 2437 775 2477 moventia.
855 2440 953 2476 Tota
992 2437 1104 2476 enim
1135 2439 1250 2489 lmjus
1280 2439 1416 2476 mnndi
1455 2439 1661 2477 concordia
1691 2452 1739 2476 cx

296 2497 537 2543 discordl'bns
568 2499 715 2546 constat
746 2494 823 2547 (k);
881 2497 966 2534 Nec
1005 2496 1062 2533 ad
1093 2509 1212 2533 unam
1241 2497 1409 2544 Natura
1435 2499 1615 2547 formam
1645 2503 1739 2548 opus

285 2554 407 2601 sunm
431 2556 607 2605 pra'stat,
634 2554 716 2602 sed
742 2556 781 2591 in
813 2553 899 2605 ipsa
929 2555 1117 2597 τίῑνίείαΐε
1137 2552 1187 2601 se
1206 2555 1345 2604 jafflat
1375 2552 1439 2604 (l).

1559 2665 1734 2707 HOMO

179 2757 233 2801 (g)
259 2759 370 2791 Senec.
470 2759 522 2802 (h)
548 2760 658 2792 Senec.
684 2760 763 2791 Ill:
793 2763 847 2792 10.
942 2758 982 2801 (i)
1009 2759 1119 2792 Sencc.
1145 2760 1227 2791 III:
1256 2762 1310 2793 99.
1405 2759 1457 2802 (k)
1483 2760 1595 2792 Senec.

255 2804 296 2848 (l)
322 2805 432 2838 Senec.
459 2806 548 2846 Vll:
575 2810 629 2838 27.
