1839 3107
172 212 251 262 642

830 195 1111 240 VERMES.

381 323 505 371 rium,
542 330 668 370 aeque
700 320 861 355 attente
891 312 997 365 legit
1027 311 1194 351 summa
1223 308 1441 362 sapientia,
1477 320 1526 347 ac
1547 317 1645 346 care
1667 303 1771 344 emit

381 383 547 425 erudita
586 379 774 429 luxuria,
819 391 844 417 a
875 374 1116 429 quisquiliis
1152 373 1224 426 (c),
1266 371 1321 412 ad
1352 369 1628 419 Ammirales,
1663 367 1771 409 Sca-

380 448 564 495 laresve,
611 441 853 496 Margaritis
896 439 957 492 (d)
1006 437 1087 478 suis
1126 434 1420 490 pretiofiores,
1470 445 1578 485 quas
1622 429 1773 472 Artifi-

383 522 482 551 cum
499 506 686 561 politura
701 503 894 545 vitiando
913 500 1123 553 nobilitat,
1150 504 1197 539 ut
1217 497 1439 552 pulchrius
1455 501 1602 550 pateat
1617 495 1659 535 in
1675 494 1774 534 Tri-

383 574 498 614 tonis
541 570 776 611 COCHLEIS
825 566 979 607 vividis
1031 564 1086 605 ad
1138 565 1390 611 Umbz'lz‘cum,
1438 562 1639 614 Apertum
1675 570 1774 599 cum
1837 551 1839 554 ¹

385 639 520 678 Labra
543 633 755 674 exteriore
777 630 1045 679 interioreve,
1079 627 1192 680 saepe
1221 626 1399 666 dentato
1422 623 1476 663 ad
1505 624 1771 672 Columellam,

386 700 498 740 circa
529 710 660 750 quam
683 698 811 750 Spirae
832 697 1052 745 Anfractus
1084 691 1229 741 laeves,
1265 687 1423 738 sulcati,
1460 686 1603 737 striati,
1640 698 1779 738 angu-

388 763 481 814 lati,
519 759 688 811 n0d0s1,
727 756 922 807 aculeati,
958 754 1122 809 spinosi,
1159 751 1345 793 frondofi
1376 763 1514 803 usque
1546 749 1589 789 in
1619 752 1779 789 Μαινο-

390 842 472 866 nem
509 824 665 877 apicis;
712 821 750 862 &
780 826 828 861 ut
858 820 1073 860 intueatur
1102 818 1144 857 in
1175 815 1358 856 Veneris
1389 814 1597 856 CONCHIS
1627 810 1779 852 vividis

390 887 528 939 lefiffis,
564 886 766 928 testarum
788 884 931 924 nativa
951 882 1084 936 paria,
1112 879 1443 920 determinatam
1465 876 1662 930 figuram,
1688 874 1779 915 val-

391 952 509 992 vulas
534 949 754 1003 (sinistram
777 947 815 988 &
837 946 1050 998 dextram)
1075 943 1267 996 aequales
1298 942 1323 982 l.
1356 940 1604 993 inaequales,
1640 939 1780 991 aequi-

394 1016 548 1056 lateres
561 1014 585 1054 1.
602 1010 939 1066 inaequilatere53
962 1008 1137 1049 inferius
1155 1008 1355 1048 dentatos
1373 1007 1562 1045 Car—dines
1575 1004 1682 1043 inter
1695 1005 1783 1042 Na-

393 1088 445 1120 tes
466 1078 722 1127 umbonum,
755 1073 966 1129 posterius
987 1076 1069 1113 Ani
1091 1069 1400 1124 impressuram,
1433 1068 1621 1108 anterius
1652 1069 1783 1106 Vulvae

392 1144 564 1194 rimam,
616 1143 752 1181 Labiz's
792 1141 1072 1192 NJwplzisque
1112 1135 1436 1183 conniventem,
1487 1135 1660 1184 Hymene
1704 1129 1785 1169 ob-

395 1205 571 1258 te&am,
610 1204 797 1245 exterius
828 1204 1030 1253 Mzrgim's
1061 1199 1285 1240 ambitum.
1355 1196 1544 1236 Meretur
1575 1193 1785 1246 imprimis

400 1270 613 1323 inquirere
630 1269 673 1308 in
690 1266 888 1308 fosfilium
906 1264 1038 1304 hodie
1061 1261 1385 1315 deperditorum
1408 1264 1608 1312 protypa,
1637 1256 1786 1310 impri-

399 1335 480 1374 mis
511 1335 784 1380 Anomiarum,
817 1327 949 1381 abyssi
980 1326 1163 1377 cimelia,
1201 1338 1299 1365 cum
1332 1323 1413 1363 alia
1443 1322 1522 1362 sint
1554 1324 1782 1374 Terrcstria,

398 1399 622 1450 Lacustm'a.
658 1398 851 1444 Littorea,
888 1394 1114 1442 Maritima,
1150 1391 1316 1440 Pelagia
1347 1386 1439 1427 alia.

191 1522 583 1568 LITHOPHYTA
614 1507 840 1570 Mollusca,
883 1516 1142 1558 animalcula
1173 1513 1410 1567 composita
1440 1511 1661 1562 testarum,
1703 1510 1790 1549 Te-

402 1588 562 1639 stisque
592 1585 751 1625 innixa.
807 1585 983 1623 Corallia
1009 1580 1106 1620 haec
1125 1578 1245 1633 prisci
1267 1577 1435 1631 plantas
1457 1576 1564 1616 aeris
1587 1572 1790 1615 contafflm

403 1649 713 1704 lapidescentes
740 1646 1003 1700 judicabant,
1038 1643 1109 1684 sed
1130 1640 1441 1683 recentioribus
1473 1639 1602 1679 etiam
1633 1651 1688 1678 ex
1718 1636 1792 1677 suo

404 1714 563 1755 semine
594 1711 785 1764 Lapides
817 1709 1076 1762 germinare,
1113 1705 1322 1759 imprimis
1354 1704 1411 1744 ob
1444 1701 1679 1743 calcaream
1710 1699 1793 1740 ho-

402 1791 498 1818 rum
531 1774 721 1816 indolem
753 1773 850 1824 visa,
889 1785 1026 1824 usque
1058 1771 1162 1811 dum
1184 1771 1386 1822 Marfiglii
1415 1766 1634 1820 diligentia
1655 1769 1792 1805 extra-

406 1846 527 1882 xerat
559 1853 582 1880 e
614 1838 719 1879 mari
742 1835 925 1878 Corallia
944 1833 1191 1888 vegetantia
1212 1831 1390 1872 floribus
1411 1828 1643 1870 hexandris
1664 1827 1793 1869 hexa-

409 1905 580 1959 petalis,
617 1916 641 1943 a
673 1899 879 1942 conta5³m
910 1899 1017 1939 aeris
1049 1897 1089 1937 se
1121 1893 1489 1942 contrahentibus,
1522 1893 1652 1946 inque
1684 1905 1796 1944 aqua

410 1969 554 2010 denuo
585 1965 904 2020 expandendi53
938 1968 981 2003 at
1002 1961 1157 2002 eadem
1178 1958 1434 2012 tempestate
1455 1959 1694 2011 R’jsonellus
1711 1955 1798 1997 Co—

409 2031 527 2072 rallia
559 2045 613 2071 ex
644 2027 908 2070 animalculis
940 2025 1152 2076 fabricari,
1198 2022 1307 2063 ultra
1345 2020 1531 2062 seculum
1568 2019 1664 2073 post
1695 2031 1799 2060 ean—

411 2096 511 2136 dem
529 2093 645 2148 apud
662 2092 937 2145 sapientiores
954 2088 1080 2130 indos
1097 2093 1233 2128 ratam
1252 2085 1501 2126 sententiam
1521 2084 1592 2137 (e),
1612 2083 1798 2137 primum

410 2158 517 2199 vidit
556 2158 630 2197 vix
671 2154 930 2205 audiendus,
982 2152 1055 2193 nifi
1107 2154 1341 2192 Trembloeus
1386 2148 1559 2201 Hydras
1605 2147 1798 2187 omnium

413 2221 694 2263 admiratione
713 2218 952 2270 detexisset,
975 2216 1013 2257 &
1030 2216 1084 2256 ad
1101 2215 1245 2255 littora
1261 2212 1446 2254 curiosos
1463 2210 1694 2262 allicuisset,
1712 2223 1799 2263 quo

411 2287 480 2326 via
509 2298 588 2338 per
618 2287 749 2326 Ellitz'
778 2281 1031 2324 Sertularias
1062 2279 1117 2320 ad
1151 2277 1333 2319 Corallia
1363 2281 1510 2330 aperta
1539 2274 1630 2315 fuit.

1661 2555 1803 2596 ZOO—

213 2638 1803 2659 Μ

215 2672 267 2716 (e)
293 2672 598 2714 Speculatie-gods
624 2671 737 2711 vulgo.

216 2718 269 2761 (d)
294 2717 555 2759 Margaritarum
579 2717 635 2748 dos
661 2717 701 2747 in
728 2715 890 2753 Candore,
918 2713 1177 2756 Magnitudine„
1216 2711 1315 2752 Orbe,
1349 2710 1496 2748 Loevore,
1524 2707 1683 2748 Pondere,
1709 2706 1803 2737 Plin.

293 2763 366 2795 IX:
393 2770 448 2805 35.
501 2762 733 2806 Pretiofiffima
762 2761 945 2802 Cleopalrae
970 2759 1119 2791 Antonio
1147 2758 1298 2800 cqufita,
1325 2755 1403 2788 ibid.

217 2810 267 2853 (e)
293 2811 439 2852 Rumpit.
468 2810 550 2851 mus.
581 2816 654 2850 152.
682 2808 729 2839 ad
753 2807 818 2839 tab.
845 2805 896 2839 16.
937 2806 978 2837 F.
