1788 3117
527 191 783 233 REGNUM
814 190 1101 232 ANIMALE.

64 308 749 415 REGNUM
817 248 1569 415 ANIMALE.

41 476 338 518 ANIMALIA
400 479 712 531 organisatione
759 479 873 529 viva,
930 479 1068 518 nervis
1112 481 1303 529 fintnmt,
1358 483 1592 532 percipiunt,

98 535 226 587 seque
257 549 311 575 ex
343 535 515 575 arbitrio
548 545 698 577 movent
725 542 846 576 motu
878 536 1074 588 posfibili.

40 626 333 666 VIVENTIA
366 626 540 680 singula,
588 628 629 668 in
668 627 1024 681 multiplicatione
1058 627 1240 681 prodiga
1270 627 1445 678 Natura,
1484 627 1598 667 ordi-

97 690 165 724 tur
188 698 212 724 a
239 684 437 735 minimis,
470 691 648 738 generat
676 686 717 725 in
748 685 895 735 fluido,
933 686 1082 738 incipit
1114 687 1156 726 in
1186 685 1254 725 ovi
1285 684 1462 737 liquido,
1500 698 1597 724 cum

101 757 207 782 omne
238 757 369 782 wvum
403 758 449 782 cx
478 758 562 783 02¹0.

41 832 217 874 OVUM
249 833 357 873 intra
393 837 574 881 Tunicas,
617 833 727 887 saepe
768 835 1036 874 includentes
1064 838 1265 885 Albulam,
1305 833 1494 874 continet
1533 837 1598 874 Vi-

99 894 245 940 tellum,
288 890 407 942 cujus
449 891 566 930 lateri
608 892 845 944 emergenti
879 891 1077 932 insertum
1106 895 1302 932 lefssum
1334 891 1495 943 salienS,
1533 907 1598 931 vc-

95 955 231 999 getans
260 948 301 988 in
333 948 645 999 Embryonem,
682 951 953 999 caulsjscentcm
984 949 1194 989 Funiculo
1234 948 1483 999 umbilicali,
1527 965 1598 989 ra-

99 1008 268 1045 dicatum
301 1005 503 1058 placenta
532 1006 734 1046 vitellina.

42 1095 275 1136 MATER
304 1096 504 1150 prolifera
539 1097 699 1150 promit
733 1103 831 1137 ante
863 1098 1187 1149 generationem
1214 1099 1359 1137 vivum
1389 1110 1599 1150 compen-—

99 1154 217 1194 dium
240 1155 338 1194 novi
360 1154 553 1194 animalis
576 1155 723 1207 suique
741 1154 948 1205 simillimi,
981 1161 1202 1206 tamquam
1227 1155 1466 1208 plumulam
1493 1157 1600 1195 intra

98 1211 240 1252 semen
267 1212 530 1264 vegetabile;
565 1211 649 1252 hoc
677 1213 810 1252 Patris
841 1212 1002 1264 polline
1034 1212 1285 1265 spermatico
1314 1212 1597 1253 electrisatum

93 1269 240 1308 calore
263 1269 523 1317 excluditur;
558 1269 771 1310 Punctum
799 1269 948 1309 saliens
977 1271 1091 1308 enim
1115 1269 1196 1310 Ovi
1228 1271 1468 1310 incubantis
1493 1269 1600 1310 Avis

102 1326 287 1367 ostendit
307 1327 496 1379 primum
519 1327 602 1367 Cor
626 1328 787 1367 micans
807 1326 1130 1379 Cerebrumque
1152 1341 1249 1367 cum
1266 1328 1475 1369 Medulla:
1504 1341 1600 1367 cor-

101 1383 245 1424 culum
275 1383 374 1435 hoc,
411 1385 572 1425 cessans
604 1399 628 1425 a
657 1385 826 1438 frigore,
855 1385 1066 1426 excitatur
1088 1385 1227 1425 calido
1250 1385 1396 1435 halitu,
1425 1386 1601 1438 premit-

102 1455 186 1494 que
218 1442 340 1482 Bulla
372 1447 509 1493 aerea,
546 1443 693 1483 sensim
726 1442 912 1488 dilatata,
951 1443 1138 1494 liquores
1166 1441 1399 1482 secundum
1431 1443 1601 1483 canales

101 1498 284 1540 fluxiles.
347 1503 542 1540 szc‘Jum
575 1504 783 1541 w'talitatz's
814 1501 959 1552 itaque
992 1501 1032 1539 in
1063 1500 1306 1540 viventibus
1343 1500 1402 1540 est
1432 1505 1601 1540 tantum

103 1571 126 1596 a
156 1557 295 1609 prima
326 1558 541 1598 creatione
574 1559 821 1598 continuata
843 1559 941 1598 vitae
964 1558 1230 1609 ramificatio,
1269 1571 1366 1598 cum
1399 1571 1530 1598 ovum
1555 1558 1601 1597 s1t

101 1628 276 1667 gemma
297 1616 443 1655 matris
467 1616 519 1655 ab
543 1616 721 1656 exordio
743 1617 852 1665 viva,
882 1615 981 1655 licet
1002 1629 1089 1655 non
1111 1615 1292 1656 sentiens
1315 1621 1413 1656 ante
1435 1615 1602 1655 foecun—

103 1672 344 1722 dationem3
380 1673 433 1712 slc
469 1676 680 1714 Generatio
711 1677 934 1725 AEqm'wca
966 1677 1091 1713 nulla.

45 1763 271 1805 CORPUS
305 1764 602 1804 Animantium
636 1764 871 1817 compotita
903 1764 962 1805 est
993 1764 1213 1804 machina:

102 1822 384 1873 NATURALIS,
420 1827 594 1874 vegetat
625 1835 648 1861 e
677 1822 804 1862 cranii
839 1825 985 1863 Τηίων
1015 1822 1213 1870 crustato,
1253 1825 1374 1862 Camle
1402 1822 1602 1873 verticali,

159 1880 393 1927 articulato,
426 1880 578 1932 rigido,
619 1880 816 1932 opposite
843 1880 1022 1930 ramoso,
1060 1881 1127 1920 cui
1157 1879 1336 1920 insident
1364 1883 1482 1920 Falsa
1513 1894 1604 1920 car—

159 1937 270 1985 nosa,
297 1937 463 1987 fibrosa,
488 1937 635 1990 sparsa,
661 1938 852 1990 apicibus
871 1939 999 1978 etiam
1018 1938 1143 1978 affixa
1167 1939 1208 1978 in
1221 1937 1450 1989 Musculos,
1471 1938 1599 1990 prod-

160 2001 288 2035 eunte
311 1999 621 2049 E·2cc‘}fficaticmc
650 1996 901 2048 genitalium
930 2010 952 2035 e
981 1995 1244 2036 dichotomia
1275 1996 1424 2035 ultima
1454 1996 1599 2035 caulis.

101 2052 312 2104 VITALIS,
367 2067 390 2092 e
435 2056 562 2093 Bulbo
606 2052 756 2093 Cordis
801 2059 1014 2105 perpetuo
1059 2053 1224 2102 mobili,
1273 2056 1454 2093 radicata
1496 2053 1602 2093 vasls

163 2109 312 2151 lacteis
345 2111 453 2150 intra
492 2110 582 2150 tubi
621 2110 867 2150 intestinalis
906 2110 1228 2162 sterquilinium,
1274 2114 1520 2163 ramg'ficatnr
1549 2110 1603 2150 ad

163 2168 330 2208 caulem
358 2168 595 2208 naturalem
624 2168 782 2220 duplici
812 2169 946 2208 canali
976 2169 1225 2218 circulante,
1263 2182 1316 2208 ne
1349 2168 1496 2208 succus
1526 2168 1603 2208 ali—

161 2226 363 2266 mentaris
396 2227 546 2279 quavis
576 2225 832 2278 tempestate
855 2226 892 2266 &
914 2226 1021 2266 statu
1055 2226 1238 2265 deficiat.

105 2282 353 2331 ANIMALIS,
384 2297 406 2324 e
422 2287 553 2324 Bulbo
569 2283 740 2323 Cerebri
765 2285 1041 2337 repentisque
1064 2284 1282 2333 Medussae,
1311 2283 1466 2323 indolis
1489 2283 1603 2322 inco-

161 2342 307 2394 gnitae,
335 2341 443 2381 sedis
471 2342 710 2394 cogitantis⁷
737 2341 827 2381 Fila
845 2341 1154 2394 slmplicisfima,
1183 2340 1382 2381 electrica
1403 2340 1458 2380 ad
1476 2340 1604 2380 fibras

162 2412 314 2439 omnes
336 2398 559 2439 irritabiles
583 2398 745 2450 exserit,
780 2412 856 2452 per
878 2413 975 2451 quae
998 2400 1192 2452 cogitans
1217 2398 1338 2439 sentit
1354 2397 1391 2438 δε
1409 2403 1570 2440 movet.

47 2489 302 2531 ORGANA
340 2489 533 2530 sensuum
575 2489 785 2531 machinae
826 2490 918 2531 sunt
957 2490 1159 2544 physicae,
1198 2490 1361 2530 insertae
1402 2490 1605 2530 extremi—

161 2548 236 2588 tati
259 2549 389 2598 nervi,
426 2547 606 2588 sensorio
630 2548 790 2588 cerebri
812 2548 1011 2601 proximi,
1049 2548 1206 2601 quibus
1229 2549 1371 2588 divina
1399 2554 1488 2588 arte
1510 2561 1602 2601 per-

166 2606 269 2659 cipit
299 2605 495 2646 Animal:

104 2662 316 2704 OCULUS:
361 2667 526 2704 Camemz
557 2665 721 2714 obscura
751 2664 983 2717 imaginem
1013 2664 1316 2717 proportione,
1352 2663 1500 2715 figura,
1535 2676 1604 2702 co-

163 2721 253 2761 lore
286 2721 541 2774 depingens.

781 2778 822 2818 A
857 2792 875 2830 5
1508 2777 1604 2818 AU-
